%YAML 1.1
%TAG !u! tag:unity3d.com,2011:
--- !u!1001 &100100000
Prefab:
  m_ObjectHideFlags: 1
  serializedVersion: 2
  m_Modification:
    m_TransformParent: {fileID: 0}
    m_Modifications: []
    m_RemovedComponents: []
  m_SourcePrefab: {fileID: 0}
  m_RootGameObject: {fileID: 1686743472276344}
  m_IsPrefabAsset: 1
--- !u!1 &1686743472276344
GameObject:
  m_ObjectHideFlags: 0
  m_CorrespondingSourceObject: {fileID: 0}
  m_PrefabInternal: {fileID: 100100000}
  serializedVersion: 6
  m_Component:
  - component: {fileID: 4003623926169522}
  - component: {fileID: 212677885747305302}
  - component: {fileID: 60200185574973832}
  - component: {fileID: 50245612115795152}
  - component: {fileID: 114144908687665320}
  - component: {fileID: 114879275594992906}
  - component: {fileID: 114297331478850694}
  m_Layer: 0
  m_Name: Asteroid 3
  m_TagString: Enemy
  m_Icon: {fileID: 0}
  m_NavMeshLayer: 0
  m_StaticEditorFlags: 0
  m_IsActive: 1
--- !u!4 &4003623926169522
Transform:
  m_ObjectHideFlags: 1
  m_CorrespondingSourceObject: {fileID: 0}
  m_PrefabInternal: {fileID: 100100000}
  m_GameObject: {fileID: 1686743472276344}
  m_LocalRotation: {x: 0, y: 0, z: 0, w: 1}
  m_LocalPosition: {x: 0, y: 0, z: 0}
  m_LocalScale: {x: 0.5, y: 0.5, z: 1}
  m_Children: []
  m_Father: {fileID: 0}
  m_RootOrder: 0
  m_LocalEulerAnglesHint: {x: 0, y: 0, z: 0}
--- !u!50 &50245612115795152
Rigidbody2D:
  serializedVersion: 4
  m_ObjectHideFlags: 1
  m_CorrespondingSourceObject: {fileID: 0}
  m_PrefabInternal: {fileID: 100100000}
  m_GameObject: {fileID: 1686743472276344}
  m_BodyType: 0
  m_Simulated: 1
  m_UseFullKinematicContacts: 0
  m_UseAutoMass: 0
  m_Mass: 1
  m_LinearDrag: 0
  m_AngularDrag: 0.05
  m_GravityScale: 0
  m_Material: {fileID: 0}
  m_Interpolate: 0
  m_SleepingMode: 1
  m_CollisionDetection: 0
  m_Constraints: 0
--- !u!60 &60200185574973832
PolygonCollider2D:
  m_ObjectHideFlags: 1
  m_CorrespondingSourceObject: {fileID: 0}
  m_PrefabInternal: {fileID: 100100000}
  m_GameObject: {fileID: 1686743472276344}
  m_Enabled: 1
  m_Density: 1
  m_Material: {fileID: 0}
  m_IsTrigger: 1
  m_UsedByEffector: 0
  m_UsedByComposite: 0
  m_Offset: {x: 0, y: 0}
  m_SpriteTilingProperty:
    border: {x: 0, y: 0, z: 0, w: 0}
    pivot: {x: 0.5, y: 0.5}
    oldSize: {x: 2.57, y: 3.41}
    newSize: {x: 2.28, y: 3.69}
    adaptiveTilingThreshold: 0.5
    drawMode: 0
    adaptiveTiling: 0
  m_AutoTiling: 0
  m_Points:
    m_Paths:
    - - {x: 1.01, y: -1.555}
      - {x: 1.0699999, y: -1.405}
      - {x: 1.1, y: -1.3149999}
      - {x: 1.14, y: -1.055}
      - {x: 1.14, y: -0.59499997}
      - {x: 1.12, y: -0.435}
      - {x: 0.98999995, y: -0.074999996}
      - {x: 0.89, y: 0.015}
      - {x: 0.68, y: 0.105}
      - {x: 0.45, y: 0.195}
      - {x: 0.35, y: 0.325}
      - {x: 0.41, y: 0.39499998}
      - {x: 0.47, y: 0.525}
      - {x: 0.51, y: 0.635}
      - {x: 0.55, y: 0.835}
      - {x: 0.55, y: 1.125}
      - {x: 0.52, y: 1.285}
      - {x: 0.48999998, y: 1.385}
      - {x: 0.39999998, y: 1.535}
      - {x: 0.25, y: 1.685}
      - {x: 0.19, y: 1.735}
      - {x: 0.03, y: 1.8149999}
      - {x: -0.089999996, y: 1.8349999}
      - {x: -0.16, y: 1.8449999}
      - {x: -0.38, y: 1.8449999}
      - {x: -0.48, y: 1.8149999}
      - {x: -0.53, y: 1.795}
      - {x: -0.62, y: 1.755}
      - {x: -0.68, y: 1.7149999}
      - {x: -0.78, y: 1.605}
      - {x: -0.84, y: 1.505}
      - {x: -0.85999995, y: 1.405}
      - {x: -0.84999996, y: 1.155}
      - {x: -0.78999996, y: 0.945}
      - {x: -0.71, y: 0.685}
      - {x: -0.64, y: 0.405}
      - {x: -0.66999996, y: 0.255}
      - {x: -0.82, y: 0.044999998}
      - {x: -0.97999996, y: -0.225}
      - {x: -1.0799999, y: -0.465}
      - {x: -1.14, y: -0.675}
      - {x: -1.14, y: -1.115}
      - {x: -1.13, y: -1.155}
      - {x: -1.1, y: -1.255}
      - {x: -0.93, y: -1.435}
      - {x: -0.9, y: -1.525}
      - {x: -0.82, y: -1.655}
      - {x: -0.71999997, y: -1.755}
      - {x: -0.58, y: -1.8249999}
      - {x: -0.42999998, y: -1.8249999}
      - {x: -0.22, y: -1.8149999}
      - {x: -0.14999999, y: -1.8349999}
      - {x: -0.02, y: -1.8449999}
      - {x: 0.52, y: -1.8449999}
      - {x: 0.74, y: -1.785}
      - {x: 0.83, y: -1.7249999}
      - {x: 0.87, y: -1.6949999}
--- !u!114 &114144908687665320
MonoBehaviour:
  m_ObjectHideFlags: 1
  m_CorrespondingSourceObject: {fileID: 0}
  m_PrefabInternal: {fileID: 100100000}
  m_GameObject: {fileID: 1686743472276344}
  m_Enabled: 1
  m_EditorHideFlags: 0
  m_Script: {fileID: 11500000, guid: 5aa0c215451fc624487dcb62bc56610e, type: 3}
  m_Name: 
  m_EditorClassIdentifier: 
  tumble: 100
--- !u!114 &114297331478850694
MonoBehaviour:
  m_ObjectHideFlags: 1
  m_CorrespondingSourceObject: {fileID: 0}
  m_PrefabInternal: {fileID: 100100000}
  m_GameObject: {fileID: 1686743472276344}
  m_Enabled: 1
  m_EditorHideFlags: 0
  m_Script: {fileID: 11500000, guid: 18689eb318196504186c31219b4e0b1c, type: 3}
  m_Name: 
  m_EditorClassIdentifier: 
  speed: -5
--- !u!114 &114879275594992906
MonoBehaviour:
  m_ObjectHideFlags: 1
  m_CorrespondingSourceObject: {fileID: 0}
  m_PrefabInternal: {fileID: 100100000}
  m_GameObject: {fileID: 1686743472276344}
  m_Enabled: 1
  m_EditorHideFlags: 0
  m_Script: {fileID: 11500000, guid: 609c940c7e0e31a4cad3334be763ee61, type: 3}
  m_Name: 
  m_EditorClassIdentifier: 
  explosion: {fileID: 1040608886635896, guid: a97415c6b57076f41a6621a7b51d63a3, type: 2}
  playerExplosion: {fileID: 100018, guid: a40b64bf23366dc42a892af2c6ff6140, type: 2}
  scoreValue: 5
--- !u!212 &212677885747305302
SpriteRenderer:
  m_ObjectHideFlags: 1
  m_CorrespondingSourceObject: {fileID: 0}
  m_PrefabInternal: {fileID: 100100000}
  m_GameObject: {fileID: 1686743472276344}
  m_Enabled: 1
  m_CastShadows: 0
  m_ReceiveShadows: 0
  m_DynamicOccludee: 1
  m_MotionVectors: 1
  m_LightProbeUsage: 1
  m_ReflectionProbeUsage: 1
  m_RenderingLayerMask: 4294967295
  m_Materials:
  - {fileID: 10754, guid: 0000000000000000f000000000000000, type: 0}
  m_StaticBatchInfo:
    firstSubMesh: 0
    subMeshCount: 0
  m_StaticBatchRoot: {fileID: 0}
  m_ProbeAnchor: {fileID: 0}
  m_LightProbeVolumeOverride: {fileID: 0}
  m_ScaleInLightmap: 1
  m_PreserveUVs: 0
  m_IgnoreNormalsForChartDetection: 0
  m_ImportantGI: 0
  m_StitchLightmapSeams: 0
  m_SelectedEditorRenderState: 0
  m_MinimumChartSize: 4
  m_AutoUVMaxDistance: 0.5
  m_AutoUVMaxAngle: 89
  m_LightmapParameters: {fileID: 0}
  m_SortingLayerID: -220510649
  m_SortingLayer: 2
  m_SortingOrder: 0
  m_Sprite: {fileID: 21300004, guid: e47fdd84c71f2bc4b9af349609ae25a0, type: 3}
  m_Color: {r: 1, g: 1, b: 1, a: 1}
  m_FlipX: 0
  m_FlipY: 0
  m_DrawMode: 0
  m_Size: {x: 2.28, y: 3.69}
  m_AdaptiveModeThreshold: 0.5
  m_SpriteTileMode: 0
  m_WasSpriteAssigned: 1
  m_MaskInteraction: 0
  m_SpriteSortPoint: 0
